@article{Li2002,
author = {Li, Yi A},
doi = {10.2991/jnmp.2002.9.s1.9},
file = {:home/jordan/.local/share/data/Mendeley Ltd./Mendeley Desktop/Downloaded/9s1-9{\_}n.pdf:pdf},
issn = {1402-9251},
journal = {Journal of Nonlinear Mathematical Physics},
month = {jan},
number = {sup1},
pages = {99--105},
title = {{Hamiltonian Structure and Linear Stability of Solitary Waves of the Green-Naghdi Equations}},
url = {http://www.tandfonline.com/doi/abs/10.2991/jnmp.2002.9.s1.9},
volume = {9},
year = {2002}
}
