@article{Mitsotakis2014,
archivePrefix = {arXiv},
arxivId = {1404.6725v2},
author = {Mitsotakis, D and Dutykh, Denys and Carter, JD},
eprint = {1404.6725v2},
file = {:home/jordan/.local/share/data/Mendeley Ltd./Mendeley Desktop/Downloaded/Mitsotakis, Dutykh, Carter - 2014 - On the nonlinear dynamics of the traveling-wave solutions of the Serre equations.pdf:pdf},
journal = {arXiv preprint arXiv:1404.6725},
title = {{On the nonlinear dynamics of the traveling-wave solutions of the Serre equations}},
url = {http://arxiv.org/abs/1404.6725},
year = {2014}
}
