@ARTICLE{Antunes-do-Carmo-etal-1993-725,
     AUTHOR     = "Antunes do Carmo, A. and Seabra-Santos, F. J. and Almeida, A. B.",
     TITLE      = "Numerical solution of the generalized Serre equations with the MacCormack finite-difference scheme",
     JOURNAL    = "International Journal for Numerical Methods in Fluids",
     YEAR       = 1993,
     VOLUME     = 16,
     NUMBER     = 8,
     PAGES      = "725-738",
     NOTE       = "",
}
%
@ARTICLE{Avilez-Valente-Seabra-Santos-2009-969,
    AUTHOR      = "Avilez-Valente, P. and Seabra-Santos, F. J.",
    TITLE       = "A high-order Petrov-Galerkin finite element method for the classical Boussinesq wave model",
    JOURNAL     = "Internatioanal Journal for Numerical Methods in Fluids",
    YEAR        = 2009,
    VOLUME      = 59,
    NUMBER      = 9,
    PAGES       = "969-1010",
    NOTE        = "",
}
%
@ARTICLE{Barthelemy-E-2004-315,
    AUTHOR      = "Barth\'{e}lemy, E",
    TITLE       = "Nonlinear shallow water theories for coastal waves",
    JOURNAL     = "Surveys in Geophysics",
    YEAR        = 2004,
    VOLUME      = 25,
    NUMBER      = "3-4",
    PAGES       = "315-337",
    NOTE       = "",
}
%
@TECHREPORT{Basco-D-1987,
    AUTHOR      = "Basco, D. R.",
    TITLE       = "Computation of rapidly varied, unsteady, free-surface flow",
    INSTITUTION = "US Geological Survey",
    TYPE        = "Water-Resources Investigations Report",
    NUMBER      = "83-4284",
    YEAR        =  1987,
    NOTE        = "",
}
%
@ARTICLE{Beji-Nadaoka-1996,
    AUTHOR      = "Beji, S. and K.~Nadaoka, K.",
    TITLE       = "A formal derivation and numerical modelling of the improved Boussinesq equations for varying depth",
    JOURNAL     = "Ocean Engineering",
    YEAR        = 1996,
    VOLUME      = 23,
    NUMBER      = 8,
    PAGES       = "691-704",
    NOTE        = "",
}
%
@ARTICLE{Bonneton-etal-2011-1479,
    AUTHOR      = "Bonneton, P. and Chazel, F. and Lannes, D. and Marche, F. and Tissier, M.",
    TITLE       = "A splitting approach for the fully nonlinear and weakly dispersive Green-Naghdi model",
    JOURNAL     = "Journal of Compuational Physics",
    YEAR        = 2011,
    VOLUME      = 230,
    NUMBER      = 4,
    PAGES       = "1479-1498",
    NOTE        = "",
}
%
@ARTICLE{Bonneton-etal-2011-589,
    AUTHOR      = "Bonneton, P. and Barth\'{e}lemy, E. and Chazel, F. and Cienfuegos, R. and Lannes, D. and Marche, F. and Tissier, M.",
    TITLE       = "Recent advances in Serre-Green Naghdi modelling for wave transformation, breaking and runup processes",
    JOURNAL     = "European Journal of Mechanics B/Fluids",
    YEAR        = 2011,
    VOLUME      = 30,
    NUMBER      = 6,
    PAGES       = "589-597",
    NOTE        = "",
}
%
@ARTICLE{Carter-Cienfuegos-2010-259,
    AUTHOR      = "Carter, J. D. and Cienfuegos, R.",
    TITLE       = "Solitary and cnoidal wave solutions of the Serre equations and their stability",
    JOURNAL     = "European Journal of Mechanics B/Fluids",
    YEAR        = 2011,
    VOLUME      = 30,
    NUMBER      = 3,
    PAGES       = "259-268",
    NOTE        = "",
}
%
@TECHREPORT{Chanson-H-2009-104,
    AUTHOR      = "Chanson, H.",
    TITLE       = "An experimental study of tidal bore propagation: The impact of bridge piers and channel constriction",
    INSTITUTION = "School of Civil Engineering, The University of Queensland",
    TYPE        = "Research Report",
    NUMBER      = "CH74/09",
    YEAR        =  2009,
    NOTE        = "104p",
}
%
@ARTICLE{Chazel-etal-2011-105,
    AUTHOR      = "Chazel, F. and Lannes, D. and Marche, F.",
    TITLE       = "Numerical simulation of strongly nonlinear and dispersive waves using a Green-Naghdi model",
    JOURNAL     = "Journal of Scientific Computing",
    YEAR        = 2011,
    VOLUME      = 48,
    NUMBER      = "1-3",
    PAGES       = "105-116",
    NOTE        = "",
}
%
@ARTICLE{Dias-Milewski-2010,
    AUTHOR      = "Dias, F. and Milewski, P.",
    TITLE       = "On the fully-nonlinear shallow-water generalized Serre equations",
    JOURNAL     = "Physics Letters A",
    YEAR        = 2010,
    VOLUME      = 374,
    NUMBER      = 8,
    PAGES       = "1049-1053",
    NOTE        = "",
}
%
@ARTICLE{El-etal-2006,
    AUTHOR      = "El, G.A. and  Grimshaw, R. H. J. and Smyth, N. F.",
    TITLE       = "Unsteady undular bores in fully nonlinear shallow-water theory",
    JOURNAL     = "Physics of Fluids",
    YEAR        = 2006,
    VOLUME      = 18,
    NUMBER      = 027104,
    PAGES       = "",
    NOTE        = "",
}
%
@ARTICLE{El-etal-2008-2423,
    AUTHOR      = "El, G. A. and Grimshaw, R. H. J. and Smyth, N. F.",
    TITLE       = "Asymptotic description of solitary wave trains in fully nonlinear shallow-water theory",
    JOURNAL     = "Physica D",
    YEAR        = 2008,
    VOLUME      = 237,
    NUMBER      = 19,
    PAGES       = "2423-2435",
    NOTE        = "",
}
%
@ARTICLE{Erduran-K-2007-827,
    AUTHOR      = "Erduran, K. S.",
    TITLE       = "Further application of hybrid solution to another form of Boussinesq equations and comparisons",
    JOURNAL     = "International Journal for Numerical Methods in Fluids",
    YEAR        = 2007,
    VOLUME      = 53,
    NUMBER      = 5,
    PAGES       = "827-849",
    NOTE        = "",
}
%
@ARTICLE{Erduran-etal-2005-1213,
    AUTHOR      = "Erduran, K. S. and Ilic, S. and Kutija, V.",
    TITLE       = "Hybrid finite-volume finite-difference scheme for the solution of Boussinesq equations",
    JOURNAL     = "International Journal for Numerical Methods in Fluids",
    YEAR        = 2005,
    VOLUME      = 49,
    NUMBER      = 11,
    PAGES       = "1213-1232",
    NOTE        = "",
}
%
@ARTICLE{Eskilsson-Sherwin-2002-143,
    AUTHOR      = "Eskilsson, C. and Sherwin, S. J.",
    TITLE       = "A discontinuous spectral element model for Boussinesq-type equations",
    JOURNAL     = "Journal of Scientific Computing",
    YEAR        = 2002,
    VOLUME      = 17,
    NUMBER      = "1-4",
    PAGES       = "143-152",
    NOTE        = "",
}
%
@BOOK{Evans-L-1997,
    AUTHOR      = "Evans, L.C.",
    EDITOR      = "",
    TITLE       = "Partial Differential Equations",
    PUBLISHER   = "American Mathematical Society",
    SERIES      = "Graduate Studies in Mathematics",
    YEAR        = 1997,
    VOLUME      = 19,
    ADDRESS     = "New York",
}
%
@ARTICLE{Green-Naghdi-1976-237,
    AUTHOR      = "Green, A. E. and Naghdi, P. M.",
    TITLE       = "A derivation of equations for wave propagation in water of variable depth",
    JOURNAL     = "Journal of Fluid Mechanics",
    YEAR        = 1976,
    VOLUME      = 78,
    NUMBER      = 2,
    PAGES       = "237-246",
    NOTE        = "",
}
%
@ARTICLE{Gottlieb-etal-2009-251,
    AUTHOR      = "Gottlieb, S. and Ketcheson, D. I. and Shu, C. W.",
    TITLE       = "High order strong stability preserving time discretizations",
    JOURNAL     = "Journal of Scientific Computing",
    YEAR        = 2009,
    VOLUME      = 38,
    NUMBER      = 3,
    PAGES       = "251-289",
    NOTE        = "",
}
%
@ARTICLE{Hammack-Segur-1978-337,
    AUTHOR      = "Hammack, J. L. and Segur, H.",
    TITLE       = "The Korteweg-de Vries equation and water waves. Part 3. Oscillatory waves",
    JOURNAL     = "Journal of Fluid Mechanics",
    YEAR        = 1978,
    VOLUME      = 84,
    NUMBER      = 2,
    PAGES       = "337-358",
    NOTE        = "",
}
%
@ARTICLE{Harten-etal-1983-357,
    AUTHOR      = " A.~Harten, A.",
    TITLE       = "High resolution schemes for hyperbolic conservation laws",
    JOURNAL     = "Journal of Computational Physics",
    YEAR        = 1983,
    VOLUME      = 49,
    NUMBER      = 3,
    PAGES       = "357-393",
    NOTE        = "",
}
%
@ARTICLE{Kurganov-etal-2001-707,
    AUTHOR      = "Kurganov, A. and Noelle, S. and Petrova, G.",
    TITLE       = "Semidiscrete central-upwind schemes for hyperbolic conservation laws and Hamilton-Jacobi equations",
    JOURNAL     = "Journal of Scientific Computing, Society for Industrial and Applied Mathematics",
    YEAR        = 2002,
    VOLUME      = 23,
    NUMBER      = 3,
    PAGES       = "707-740",
    NOTE        = "",
}
%
@ARTICLE{Li-Y-2006-1255,
    AUTHOR      = "Li, Y. A.",
    TITLE       = "A Shallow-Water Approximation to the Full Water Wave Problem",
    JOURNAL     = "Communications on Pure and Applied Mathematics",
    YEAR        = 2006,
    VOLUME      = 59,
    NUMBER      = 9,
    PAGES       = "1255-128",
    NOTE        = "",
}
%
@ARTICLE{MacDonald-etal-2008-89,
    AUTHOR      = "MacDonald, C. B. and Gottlieb, S. and Ruuth, S. J.",
    TITLE       = "A numerical study of diagonally split Runga-Kutta methods for PDEs with discontinuities",
    JOURNAL     = "Journal of Scientific Computing",
    YEAR        = 2008,
    VOLUME      = 36,
    NUMBER      = 1,
    PAGES       = "89-112",
    NOTE        = "",
}
%
@ARTICLE{Madsen-etal-1991-371,
    AUTHOR      = "Madsen, P. A. and Murray, R. and S{\o}renson, O. R.",
    TITLE       = "A new form of the Boussinesq equations with improved linear dispersion characteristics",
    JOURNAL     = "Coastal Engineering",
    YEAR        = 1991,
    VOLUME      = 15,
    NUMBER      = 4,
    PAGES       = "371-388",
    NOTE        = "",
}
%
@ARTICLE{Madsen-Sorensen-1992-183,
    AUTHOR      = "Madsen, P. A. and S{\o}rensen, O. R.",
    TITLE       = "A new form of Boussinesq equations with improved linear dispersion characteristics. Part II. A slowly-varying bathymetry",
    JOURNAL     = "Coastal Engineering",
    YEAR        = 1992,
    VOLUME      = 18,
    NUMBER      = "3-4",
    PAGES       = "183-204",
    NOTE        = "",
}
%
@INCOLLECTION{Mei-etal-2005,
    AUTHOR      = "Mei, C. C. and Stiassnie, M. and Yue, D. K. K.",
    TITLE       = "Theory and Applications of Ocean Surface Waves Part 2 - nonlinear Aspects",
    BOOKTITLE   = "Advanced Series on Ocean Engineering",
    PUBLISHER   = "World Scientific",
    ADDRESS     = "Singapore",
    VOLUME      = 23,
    YEAR        = 2005,
    PAGES       = "",
    NOTE        = "",
}
%
@ARTICLE{Mitsotakis-D-2009-860,
    AUTHOR      = "Mitsotakis, D. E.",
    TITLE       = "Boussinesq systems in two-space dimensions over a variable bottom for the genetration and propagation of tsunami waves",
    JOURNAL     = "Mathematics and Computers in Simulation",
    YEAR        = 2009,
    VOLUME      = 80,
    NUMBER      = 4,
    PAGES       = "860-873",
    NOTE        = "",
}
%
@ARTICLE{Nwogu-O-1993-618,
    AUTHOR      = "Nwogu, O.",
    TITLE       = "Alternative form of Boussinesq equations for nearshore wave propagation",
    JOURNAL     = "Journal of Waterway, Port, Coastal, and Ocean Engineering, American Society of Civil Engineers",
    YEAR        = 1993,
    VOLUME      = 119,
    NUMBER      = 6,
    PAGES       = "618-638",
    NOTE        = "",
}
%
@ARTICLE{Roeber-etal-2010-407,
    AUTHOR      = "Roeber, V. and Cheung, K. F. and Kobayashi, M. H.",
    TITLE       = "Shock-capturing Boussinesq-type model for nearshore wave processes",
    JOURNAL     = "Coastal Engineering",
    YEAR        = 2010,
    VOLUME      = 57,
    NUMBER      = 4,
    PAGES       = "407-423",
    NOTE        = "",
}
%
@ARTICLE{Seabra-Santos-etal-1987-117,
    AUTHOR      = "Seabra-Santos, F. J. and Renouard, D. P. and Temperville, A. M.",
    TITLE       = "Numerical and experimental study of the transformation of a solitary wave over a shelf or isolated obstacle",
    JOURNAL     = "Journal of Fluid Mechanics",
    YEAR        = 1981,
    VOLUME      = 176,
    NUMBER      = "",
    PAGES       = "117-134",
    NOTE        = "",
}
%
@ARTICLE{Serre-F-1953-857,
    AUTHOR      = "Serre, F.",
    TITLE       = "Contribtion \`{a} l'\'{e}tude des \'{e}coulements permanents et variables dans les canaux",
    JOURNAL     = "La Houille Blanche",
    YEAR        = 1953,
    VOLUME      = 6,
    NUMBER      = "",
    PAGES       = "830-872",
    NOTE        = "",
}
%
@ARTICLE{Shi-etal-2012-36,
    AUTHOR      = "Shi, F. and Kirby, J. T. and Harris, J. C. and Geiman, J. D. and Grilli, S. T.",
    TITLE       = "A high-order adaptive time-stepping TVD solver for Boussinesq modeling of breaking waves and coastal inundation",
    JOURNAL     = "Ocean Modelling",
    YEAR        = 2012,
    VOLUME      = "43-44",
    NUMBER      = "",
    PAGES       = "36-51",
    NOTE        = "",
}
%
@ARTICLE{Shiach-Mingham-2009-32,
    AUTHOR      = "Shiach, J. B. and Mingham, C. G.",
    TITLE       = "A temporally second-order accurate Godunov-type scheme for solving the extended Boussinesq equations",
    JOURNAL     = "Coastal Engineering",
    YEAR        = 2009,
    VOLUME      = 56,
    NUMBER      = 1,
    PAGES       = "32-45",
    NOTE        = "",
}
%
@ARTICLE{Shu-Osher-1988-439,
    AUTHOR      = "Shu, C. W. and Osher, S.",
    TITLE       = "Efficient implementation of essentially non-oscillatory shock-capturing schemes",
    JOURNAL     = "Journal of Computational Physics",
    YEAR        = 1988,
    VOLUME      = 77,
    NUMBER      = 2,
    PAGES       = "439-471",
    NOTE        = "",
}
%
@ARTICLE{Soares-Frazao-Guinot-2008-237,
    AUTHOR      = "Soares-Fraz\~{a}o, S. and Guinot, V.",
    TITLE       = "A second-order semi-implicit hybrid scheme for one-dimensional Boussinesq-type waves in rectangular channels",
    JOURNAL     = "International Journal for Numerical Methods in Fluids",
    YEAR        = 2008,
    VOLUME      = 58,
    NUMBER      = 3,
    PAGES       = "237-261",
    NOTE        = "",
}
%
@ARTICLE{Su-Gardener-1969-536,
    AUTHOR      = "Su, C. H. and Gardner, C. S.",
    TITLE       = "Korteweg-de Vries equation and generalisations. III. Derivation of the Korteweg-de Vries equation and Burgers equation",
    JOURNAL     = "Journal of Mathematical Physics",
    YEAR        = 1969,
    VOLUME      = 10,
    NUMBER      = 3,
    PAGES       = "536-539",
    NOTE        = "",
}
%
@ARTICLE{Tonelli-Petti-2009-609,
    AUTHOR      = "Tonelli, M. and Petti, M.",
    TITLE       = "Hybrid finite volume-finite difference scheme for 2DH improved Boussinesq equations",
    JOURNAL     = "Coastal Engineering",
    YEAR        = 2009,
    VOLUME      = 56,
    NUMBER      = "5-6",
    PAGES       = "609-620",
    NOTE        = "",
}
%
@ARTICLE{Tonelli-Petti-2012-8,
    AUTHOR      = "Tonelli, M. and Petti, M.",
    TITLE       = "Shock-capturing Boussinesq model for irregular wave propagation",
    JOURNAL     = "Coastal Engineering",
    YEAR        = 2012,
    VOLUME      = 61,
    NUMBER      = "8-19",
    PAGES       = "",
    NOTE        = "",
}
%
@ARTICLE{vanLeer-B-1979-101,
    AUTHOR      = "van~Leer, B.",
    TITLE       = "Towards the ultimate conservative difference scheme, V. A second-order sequel to Godunov's method",
    JOURNAL     = "Journal of Computational Physics",
    YEAR        = 1979,
    VOLUME      = 32,
    NUMBER      = 1,
    PAGES       = "101-136",
    NOTE        = "",
}

@ARTICLE{Witting-J-1984-203,
    AUTHOR      = "Witting, G. B.",
    TITLE       = "A unified model for the evolution of nonlinear water waves",
    JOURNAL     = "Journal of Computational Physics",
    YEAR        = 1984,
    VOLUME      = 56,
    NUMBER      = 2,
    PAGES       = "203-236",
    NOTE        = "",
}
%
@ARTICLE{Zou-Z-1999-767,
    AUTHOR      = "Zou, Z. L.",
    TITLE       = "Higher order Boussinesq equations",
    JOURNAL     = "Ocean Engineering",
    YEAR        = 1999,
    VOLUME      = 26,
    NUMBER      = 8,
    PAGES       = "767-792",
    NOTE        = "",
}
%
@ARTICLE{Zoppou-Roberts-2003-11,
    AUTHOR      = "Zoppou, C. and Roberts, S.",
    TITLE       = "Explicit schemes for dam-break simulations",
    JOURNAL     = "Journal of Hydraulic Engineering, American Society of Civil Engineers",
    YEAR        = 2003,
    VOLUME      = 129,
    NUMBER      = 1,
    PAGES       = "11-34",
    NOTE        = "",
}
